@inproceedings{own.mustermann2014,
	author = {Max Mustermann and Torsten Bertram},
	title = {I really got this published},
	pages = {1--6},
	booktitle = {IEEE Conference on Decision and Control},
	year = {2014},
}

@inproceedings{own.bertram2015,
	author = {Torsten Bertram and Max Mustermann},
	title = {I really got this published, too},
	pages = {1--6},
	booktitle = {IEEE Whatever Conference},
	year = {2015},
}

@inproceedings{own.mustermann2016,
	author = {Max Mustermann and Torsten Bertram},
	title = {Ich habe auch auf deutschen Tagungen publiziert},
	pages = {1--6},
	booktitle = {VDI Mechatroniktagung},
	year = {2016},
}

@inproceedings{own.bertram2016,
	author = {Torsten Bertram and Max Mustermann},
	title = {An dieser Publikation war ich auch beteiligt},
	pages = {1--6},
	booktitle = {Deutscher Workshop mit Review},
	year = {2016},
}


@article{own.mustermann2017,
	author = {Max Mustermann and Torsten Bertram},
	year = {2017},
	title = {Wow, I got a journal publication},
	pages = {1--50},
	volume = {42},
	number = {42},
	journal = {IEEE Transactions on Automatic Control}
}

@article{own.bertram2018,
	author = {Torsten Bertram and Max Mustermann},
	year = {2018},
	title = {I co-authored this journal article},
	pages = {51--100},
	volume = {42},
	number = {42},
	journal = {Automatica}
}

