@thesis{mt.musterfrau2015,
	author = {Maxime Musterfrau},
	title = {The Theory of Everything},
	schoolOPT = {TU Dortmund},
	type = {Master's thesis},
	year = {2015}	
}

@thesis{bt.wayne2017,
	author = {John Wayne},
	title = {Wayne or Wayne},
	schoolOPT = {TU Dortmund},
	type = {Bachelor's thesis},
	year = {2017}
}

@thesis{pg2017,
	author = {Maxime Musterfrau and John Wanye and Unknown Identity},
	title = {On how to waste your time},
	schoolOPT = {TU Dortmund},
	type = {},
	year = {2017}	
}

@Patent{Wayne2022,
  author = {John Wayne},
  date   = {2022-04-12},
  number = {42},
  title  = {The secrets of everything},
}

@Comment{jabref-meta: databaseType:biblatex;}
