@Book{Leit1,
  author    = {W. E. Rossing and J. Praetsch},
  publisher = {{PRINT-TEC} {Druck + Verlag}},
  title     = {Wissenschaftliche Arbeiten. Leitfaden für Haus- und Seminararbeiten, Bachelor- und Masterthesis, Diplom- und Magisterarbeiten, Dissertationen},
  year      = {2005},
  address   = {Weyhe},
}


@article{Hoff2019,
	author = {Hoffmann, Frank and Bertram, Torsten and Mikut, Ralf and Reischl, Markus and Nelles, Oliver},
	title = {Benchmarking in classification and regression},
	journal = {Wiley Interdisciplinary Reviews: Data Mining and Knowledge Discovery},
	volume = {0},
	number = {0},
	pages = {e1318},
	keywords = {benchmarking, comparative analysis, data repositories, model validation},
	doi = {10.1002/widm.1318}
}



@Misc{TuDo2,
  author = {TUD},
  note   = {Verfügbar unter: \url{http://www.tu-dortmund.de}},
  title  = {Logo der Technischen Universität Dortmund},
}

@Book{Book3,
  title = {A Very Nice Book},
  author = {J. J. Junior},
  publisher = {Musterverlag},
  address = {Any adress},
  year = {1985},
}

@Inproceedings{InProc4,
  author = {H. Mustermann},
  title = {This could be from a conference},
  booktitle = {{PROCRA}},
  year = {1985},
  pages = {680-685},
  doi = {10.1.1/TEST}
}

@Comment{jabref-meta: databaseType:bibtex;}
